@INPROCEEDINGS{r1,
  author={Chandrasekaran, Kannan and Gauch, Susan and Lakkaraju, Praveen and Luong, Hiep Phuc},
  booktitle={Adaptive Hypermedia and Adaptive Web-Based Systems},
  title={Concept-Based Document Recommendations for CiteSeer Authors},
  year={2008},
  publisher={Springer}
}
@misc{r2,
  author = {Kaustubh Pandey},
  title = {Research-paper-recommender-system},
  year = {2023},
  howpublished = {GitHub repository},
  url = {https://github.com/kaustubh187/Research-paper-recommender-system},
  note = {Accessed on December 12, 2024}
}

@INPROCEEDINGS{r3,
  author={Nechba Mohammed},
  title={Research Papers Dataset},
  year={2022},
  url ={https://www.kaggle.com/datasets/nechbamohammed/research-papers-dataset},
}